@Book{ekman,
  author =	 {Kerstin Ekman},
  title = 	 {Gör mig levande igen},
  publisher = 	 {Bonniers},
  year = 	 1996
}

% Jag ser denna som skriven av "Svenska språknämnden", så därför
% kan redaktör Raam-Inghult inte nämnas med editor = {Eva Raam-Inghult}.
% (En bok förväntas ha "author" *eller* "editor".
%
% "Svenska språknämnden" står inom en extra uppsättning {} för att
% BibTeX ska ta det som en enhet och inte dela upp det i förnamnet
% "Svenska" och efternamnet "språknämnden".
%
@Book{svenskaskrivregler,
  author =	 {{Svenska språknämnden}},
  title = 	 {Svenska skrivregler},
  publisher = 	 {Almqvist \& Wiksell},
  year = 	 1991,
  number =	 77,
  series =	 {Skrifter utgivna av Svenska språknämnden},
  isbn =	 {91-21-11280-0}
}

@Book{hellmark:th,
  author =	 {Christer Hellmark},
  title = 	 {Typografisk handbok},
  publisher = 	 {Ordfront},
  address = 	 {Stockholm},
  year = 	 1994
}

@Book{bringhurst:elements,
  author =	 {Robert Bringhurst},
  title = 	 {The Elements of Typographic Style},
  publisher = 	 {Hartley \& Marks},
  year = 	 1996,
  edition =	 2
}

@Book{lansburgh,
  author =	 {Werner Neander Lansburgh},
  title = 	 {Almqvist \& Wiksells Sättningsregler},
  publisher = 	 {Almqvist \& Wiksell},
  year = 	 1964,
  edition =      2
}

Praktisk handledning, gjord efter standard
SS 03 82 07,
    Dokumentation -- Bibliografiska referenser -- Innehåll och utformning
Här ges även, i anslutning till bibliotekspraxis, förslag till
konsekvent interpunktion inuti referensen. Denna interpunktion
illustreras i SS 03 82 07, men ingår inte i standarden.

Inkluderar SS-ISO 7144, Dokumentation - Utformning av avhandlingar
och liknande dokument.
...

@Book{hedberg:1991:bibref,
  author =	 {Sten Hedberg},
  title = 	 {Bibliografiska referenser},
  publisher = 	 {SIS -- Standardiseringskommissionen i Sverige},
  address = 	 {Stockholm},
  year = 	 1991,
  number =	 165,
  series =	 {SIS-STG handbok},
}

% 25 november
@Misc{dahllof:exarbete,
  author =	 {Mats Dahllöf and Lars Borin},
  title =	 {Examensarbete på {STP}},
  url =          {http://stp.lingfil.uu.se/~matsd/thesis/info.pdf},
  month =	 nov,
  year =	 2002
}

% Ovanstående rekommenderar följande tre som vägledning vid uppsatsskrivandet:

% Observera att månaden nedan anges med en förkortning utan {}.
% Då kan olika bibliografiformatfiler översätta det till
% något lämpligt, t.ex. gör sweplnat detta till "januari".
@Misc{dahllof:akupp,
  author =	 {Mats Dahllöf},
  title =	 {Akademiska uppsatsers uppbyggnad},
  url =          {http://stp.lingfil.uu.se/~matsd/pub/akupp.pdf},
  month =	 jan,
  year =	 2009
}

% Observera användning av {} för att markera text i titeln som
% ska behålla versalitet.
@Misc{saxena:mallar,
  author =	 {Anju Saxena},
  title =	 {Mallar för kandidat- och magisteruppsatser
		({C/D}-uppsatser) samt kursskrivuppgifter vid
		{Institutionen} för lingvistik, {Uppsala} universitet},
  year =	 1999
}

@Book{stromquist:upp,
  author =	 {Siv Strömquist},
  title = 	 {Uppsatshandboken},
  publisher = 	 {Hallgren \& Fallgren},
  year = 	 2003,
  address =	 {Uppsala},
  edition =      3
}

@Misc{idslatex,
  author = 	 {Per Starbäck},
  title = 	 {Introduktion till datateknik för språkvetare ht\,2010,
				kapitel~6},
  url =          {http://stp.lingfil.uu.se/kurs/ids10/ids6.pdf},
  year = 	 2010
}

