@article{Turney2010From,
	author = {Turney, Peter D. and Pantel, Patrick},
	journal = {Journal of artificial intelligence research},
	number = 1,
	pages = {141-188},
	shorttitle = {From frequency to meaning},
	title = {From frequency to meaning: Vector space models of semantics},
	url = {http://www.aaai.org/Papers/JAIR/Vol37/JAIR-3705.pdf},
	volume = 37,
	year = 2010
}

@inproceedings{Dinu2013Dissect,
	address = {East Stroudsburg PA},
	author = {Dinu, Georgiana and Baroni, Marco and Nghia The, Pham},
	booktitle = {51st Annual Meeting of the Association for Computational Linguistics},
	publisher = {ACL},
	title = {DISSECT - DIStributional SEmantics Composition Toolkit},
	year = 2013
}

@phdthesis{Sahlgren2006WordSpace,
	author = {Sahlgren, Magnus},
	shorttitle = {The Word-Space Model},
	title = {The Word-Space Model: Using distributional analysis to represent syntagmatic and paradigmatic relations between words in high-dimensional vector spaces},
	url = {http://www.diva-portal.org/smash/record.jsf?pid=diva2:189276},
	year = 2006
}

@article{Karlgren2001From,
	author = {Karlgren, Jussi and Sahlgren, Magnus},
	title = {From Words to Understanding},
	url = {http://krextown.googlecode.com/svn-history/r7/trunk/KarlgrenSahlgren2001.pdf},
	year = 2001
}

@inproceedings{Schuetze1993Word,
	author = {Sch√ºtze, Hinrich},
	booktitle = {Advances in Neural Information Processing Systems 5},
	pages = {895-902},
	publisher = {Morgan Kaufmann},
	title = {Word Space},
	year = 1993
}

@inproceedings{Karlgren2012Usefulness,
	address = {Berlin, Heidelberg},
	author = {Karlgren, Jussi and Sahlgren, Magnus and Olsson, Fredrik and Espinoza, Fredrik and Hamfors, Ola},
	booktitle = {Advances in Information Retrieval},
	editor = {Hutchison, David and Kanade, Takeo and Kittler, Josef and Kleinberg, Jon M. and Mattern, Friedemann and Mitchell, John C. and Naor, Moni and Nierstrasz, Oscar and Pandu Rangan, C. and Steffen, Bernhard and Sudan, Madhu and Terzopoulos, Demetri and Tygar, Doug and Vardi, Moshe Y. and Weikum, Gerhard and Baeza-Yates, Ricardo and Vries, Arjen P. and Zaragoza, Hugo and Cambazoglu, B. Barla and Murdock, Vanessa and Lempel, Ronny and Silvestri, Fabrizio},
	isbn = {978-3-642-28996-5, 978-3-642-28997-2},
	pages = {426-435},
	publisher = {Springer Berlin Heidelberg},
	title = {Usefulness of Sentiment Analysis},
	url = {http://kth.diva-portal.org/smash/record.jsf?searchId=1\&pid=diva2:589140},
	volume = 7224,
	year = 2012
}

@inproceedings{Wei2010Cross,
	author = {Wei, Bin and Pal, Christopher},
	booktitle = {Proceedings of the Assocations of Computational Linguistics 2010 Conference Short Papers},
	pages = {258-262},
	publisher = {Association for Computational Linguistics},
	shorttitle = {Cross lingual adaptation},
	title = {Cross lingual adaptation: an experiment on sentiment classifications},
	url = {http://dl.acm.org/citation.cfm?id=1858890},
	year = 2010
}

@inproceedings{Alm2005Emotions,
	author = {Alm, Cecilia Ovesdotter},
	booktitle = {Proceedings of the conference on Human Language Technology and Empirical Methods in Natural Language Processing},
	pages = {347-354},
	shorttitle = {Emotions from text},
	title = {Emotions from text: Machine learning for text-based emotion prediction},
	year = 2005
}

@inproceedings{Socher2013Recursive,
	author = {Socher, Richard and Perelygin, Alex and Wu, Jean Y. and Chuang, Jason and Manning, Christopher D. and Ng, Andrew Y. and Potts, Christopher},
	booktitle = {Proceedings of the Conference on Empirical Methods in Natural Language Processing},
	pages = {1631-1642},
	title = {Recursive deep models for semantic compositionality over a sentiment treebank},
	url = {http://oldsite.aclweb.org/anthology-new/D/D13/D13-1170.pdf},
	year = 2013
}

@inproceedings{Pang2005Seeing,
	address = {Ann Arbor, Michigan},
	author = {Pang, Bo and Lee, Lillian},
	booktitle = {Proceedings of the ACL},
	pages = {115-124},
	publisher = {Proceedings of the 43rd Annual Meeting on Association for Computational Linguistics},
	title = {Seeing stars: Exploiting class relationships for sentiment categorization with respect to rating scales},
	year = 2005
}

@article{Zhu2013Using,
	author = {Zhu, Weidong and Lin, Yongmin},
	journal = {Journal of Computational Information Systems},
	language = {English},
	number = 9,
	title = {Using Gini-index for Feature Weighting in Text Categorization},
	volume = 2013,
	year = 2013
}

@article{Bullinaria2007Extracting,
	author = {Bullinaria, John A. and Levy, Joseph P.},
	journal = {Behavior research methods},
	number = 3,
	pages = {510-526},
	shorttitle = {Extracting semantic representations from word co-occurrence statistics},
	title = {Extracting semantic representations from word co-occurrence statistics: A computational study},
	url = {http://link.springer.com/article/10.3758/BF03193020},
	volume = 39,
	year = 2007
}

@article{Pedregosa2011ScikitLearn,
	author = {Pedregosa, F. and Varoquaux, G. and Gramfort, A. and Michel, V. and Thirion, B. and Grisel, O. and Blondel, M. and Prettenhofer, P. and Weiss, R. and Dubourg, V. and Vanderplas, J. and Passos, A. and Cournapeau, D. and Brucher, M. and Perrot, M. and Duchesnay, E.},
	journal = {Journal of Machine Learning Research},
	pages = {2825-2830},
	title = {Scikit-learn: Machine Learning in Python},
	volume = 12,
	year = 2011
}

@book{Partee1990Mathematical,
	author = {Partee, Barbara and Ter Meulen, Alice and Wall, Robert},
	publisher = {Springer},
	title = {Mathematical methods in linguistics},
	url = {http://www.google.com/books?hl=en\&lr=\&id=qV7TUuaYcUIC\&oi=fnd\&pg=PR13\&dq=Partee,++Meulen+and+Wall+1990+compositionality\&ots=UQVvv1TmC7\&sig=CjR7d-5fmcTZba0R0FOCedgB3GA},
	volume = 30,
	year = 1990
}

@article{Feldman2013Techniques,
	author = {Feldman, Ronen},
	journal = {Communications of the ACM},
	number = 4,
	pages = {82-89},
	title = {Techniques and applications for sentiment analysis},
	url = {http://dl.acm.org/citation.cfm?id=2436274},
	volume = 56,
	year = 2013
}

@article{Rubenstein1965Contextual,
	author = {Rubenstein, Herbert and Goodenough, John B.},
	doi = {10.1145/365628.365657},
	issn = {0001-0782},
	journal = {Commun. ACM},
	number = 10,
	pages = {627-633},
	title = {Contextual Correlates of Synonymy},
	url = {http://doi.acm.org/10.1145/365628.365657},
	volume = 8,
	year = 1965
}

@article{Harris1954Distributional,
	author = {Harris, Zellig},
	journal = {Word},
	number = 23,
	pages = {146-162},
	title = {Distributional structure},
	volume = 10,
	year = 1954
}

@inproceedings{Pantel2005Inducing,
	author = {Pantel, Patrick},
	booktitle = {Proceedings of the 43rd Annual Meeting on Association for Computational Linguistics},
	pages = {125-132},
	publisher = {Association for Computational Linguistics},
	title = {Inducing ontological co-occurrence vectors},
	url = {http://dl.acm.org/citation.cfm?id=1219856},
	year = 2005
}

@inproceedings{Guevara2011Computing,
	author = {Guevara, Emiliano},
	booktitle = {Proceedings of the Ninth International Conference on Computational Semantics},
	pages = {135-144},
	publisher = {Association for Computational Linguistics},
	title = {Computing semantic compositionality in distributional semantics},
	url = {http://dl.acm.org/citation.cfm?id=2002684},
	year = 2011
}

@article{Bollen2011Twitter,
	author = {Bollen, Johan and Mao, Huina and Zeng, Xiaojun},
	doi = {10.1016/j.jocs.2010.12.007},
	issn = {1877-7503},
	journal = {Journal of Computational Science},
	number = 1,
	pages = {1-8},
	title = {Twitter mood predicts the stock market},
	url = {http://www.sciencedirect.com/science/article/pii/S187775031100007X},
	volume = 2,
	year = 2011
}

@inproceedings{Tumasjan2010Predicting,
	author = {Tumasjan, Andranik and Sprenger, Timm Oliver and Sandner, Philipp G. and Welpe, Isabell M.},
	booktitle = {ICWSM},
	pages = {178-185},
	shorttitle = {Predicting Elections with Twitter},
	title = {Predicting Elections with Twitter: What 140 Characters Reveal about Political Sentiment.},
	url = {http://www.aaai.org/ocs/index.php/ICWSM/ICWSM10/paper/viewFile/1441/1852},
	volume = 10,
	year = 2010
}

@article{Landauer1997Solution,
	author = {Landauer, Thomas K. and Dumais, Susan T.},
	journal = {Psychological review},
	number = 2,
	pages = 211,
	shorttitle = {A solution to Plato's problem},
	title = {A solution to Plato's problem: The latent semantic analysis theory of acquisition, induction, and representation of knowledge.},
	url = {http://psycnet.apa.org/journals/rev/104/2/211/},
	volume = 104,
	year = 1997
}

@inproceedings{Lund1995Semantic,
	author = {Lund, Kevin and Burgess, Curt and Atchley, Ruth Ann},
	booktitle = {Proceedings of the 17th annual conference of the Cognitive Science Society},
	pages = {660-665},
	title = {Semantic and associative priming in high-dimensional semantic space},
	url = {http://locutus.ucr.edu/reprintPDFs/lba95csp.pdf},
	volume = 17,
	year = 1995
}

@inproceedings{Kanerva2000Random,
	address = {New Jersey},
	author = {Kanerva, Pentti and Kristofersson, Jan and Holst, Anders},
	booktitle = {Proceedings of the 22nd annual conference of the cognitive science society},
	pages = {103-106},
	publisher = {Erlbaum},
	title = {Random indexing of text samples for latent semantic analysis},
	url = {http://citeseerx.ist.psu.edu/viewdoc/download?doi=10.1.1.4.6523\&rep=rep1\&type=pdf},
	year = 2000
}

@article{Sahlgren2008Distributional,
	author = {Sahlgren, Magnus},
	journal = {Italian Journal of Linguistics},
	number = 1,
	pages = {33-54},
	title = {The distributional hypothesis},
	url = {http://soda.swedish-ict.se/3941/1/sahlgren.distr-hypo.pdf},
	volume = 20,
	year = 2008
}

@article{Baroni2010Distributional,
	author = {Baroni, Marco and Lenci, Alessandro},
	doi = {10.1162/coli\_a\_00016},
	issn = {0891-2017},
	journal = {Computational Linguistics},
	number = 4,
	pages = {673-721},
	shorttitle = {Distributional Memory},
	title = {Distributional Memory: A General Framework for Corpus-Based Semantics},
	url = {http://dx.doi.org/10.1162/coli\_a\_00016},
	volume = 36,
	year = 2010
}

@inproceedings{Kim2013Beyond,
	author = {Kim, Seungyeon and Li, Fuxin and Lebanon, Guy and Essa, Irfan},
	pages = {360-369},
	publisher = {AI \& Statistics},
	shorttitle = {Beyond Sentiment},
	title = {Beyond Sentiment: The Manifold of Human Emotions},
	url = {http://jmlr.org/proceedings/papers/v31/kim13a.html},
	year = 2013
}

@article{Mitchell2010Composition,
	author = {Mitchell, Jeff and Lapata, Mirella},
	copyright = {Copyright ¬© 2010 Cognitive Science Society, Inc.},
	doi = {10.1111/j.1551-6709.2010.01106.x},
	issn = {1551-6709},
	journal = {Cognitive Science},
	language = {en},
	number = 8,
	pages = {1388-1429},
	title = {Composition in Distributional Models of Semantics},
	url = {http://onlinelibrary.wiley.com/doi/10.1111/j.1551-6709.2010.01106.x/abstract},
	volume = 34,
	year = 2010
}

@article{Kartsaklis2014Compositional,
	author = {Kartsaklis, Dimitri},
	journal = {arXiv:1401.5327 [cs]},
	title = {Compositional Operators in Distributional Semantics},
	url = {http://arxiv.org/abs/1401.5327},
	year = 2014
}

@inproceedings{Yao2011Sentiment,
	author = {Yao, Jiani and Wang, Hongwei and Yin, Pei},
	booktitle = {Advances in Information Technology and Education},
	copyright = {¬©2011 Springer-Verlag GmbH Berlin Heidelberg},
	editor = {Tan, Honghua and Zhou, Mark},
	isbn = {978-3-642-22417-1, 978-3-642-22418-8},
	number = 201,
	pages = {315-322},
	publisher = {Springer Berlin Heidelberg},
	series = {Communications in Computer and Information Science},
	title = {Sentiment Feature Identification from Chinese Online Reviews},
	url = {http://link.springer.com/chapter/10.1007/978-3-642-22418-8\_44},
	year = 2011
}
